@online{noauthor_mediapipe_nodate,
  title      = {{MediaPipe} Solutions guide {\textbar} Google {AI} Edge},
  url        = {https://ai.google.dev/edge/mediapipe/solutions/guide},
  titleaddon = {Google {AI} for Developers},
  urldate    = {2025-10-06},
  langid     = {english}
}

@software{OpenManipulator2025,
  title = {Open {{Manipulator}}},
  date = {2025},
  url = {https://github.com/ROBOTIS-GIT/open_manipulator},
  organization = {Robotis}
}

@online{HandLandmarksDetection,
  title = {Hand Landmarks Detection Guide | {{Google AI Edge}}},
  url = {https://ai.google.dev/edge/mediapipe/solutions/vision/hand_landmarker},
  urldate = {2025-10-24},
  langid = {english},
  organization = {Google AI for Developers},
  file = {/Users/sophiaklymchuk/Zotero/storage/THEWIDIV/hand_landmarker.html}
}

@online{PoseLandmarkDetection,
  title = {Pose Landmark Detection Guide ~|~ {{Google AI Edge}} ~|~ {{Google AI}} for {{Developers}}},
  url = {https://ai.google.dev/edge/mediapipe/solutions/vision/pose_landmarker},
  urldate = {2025-10-24},
  file = {/Users/sophiaklymchuk/Zotero/storage/JERWWNUY/pose_landmarker.html}
}

